
%%%%%%%% Number Theory %%%%%%%%%%

@book{Hardy_Wright_2008,
    title = {An Introduction to the Theory of Numbers, 6th e.d.},
	publisher = {Oxford University Press},
	author = {G. H. Hardy and E. M. Wright},
	year = {2008},	
},


%%%%%%%% Sets %%%%%%%%%%%

@book{Kelley_1955,
	title = {General Topology},
	publisher = {Springer-Verlag, New York},
	author = {John L. Kelley},
	year = {1955},
},

%%%%%%%% Algebra %%%%%%%%%%

@book{Muir_1923,
	title = {History of the Theory of Determinants IV},
	publisher = {London},
	author = {T. Muir},
	year = {1923},
},

@article{Rutherford_1946,
	title = {Some Continuant Determinants Arising in Physics and Chemistry},
	volume = {Sect. A, 62},
	journal = {Proceedings of the Royal Society of Edinburgh},
	author = {D. E. Rutherford},
	year = {1946},
	pages = {229{\textendash}236}
},

@article{Rutherford_1952,
	title = {Some Continuant Determinants Arising in Physics and Chemistry--II},
	volume = {Sect. A, 63},
	journal = {Proceedings of the Royal Society of Edinburgh},
	author = {D. E. Rutherford},
	year = {1952},
	pages = {232{\textendash}241}
},


@book{Horn_Johnson_1990,
	title = {Matrix Analysis},
	publisher = {Cambridge University Press},
	author = {Roger A. Horn and Charles R. Johnson},
	year = {1990},
},

@book{Meyer_2001,
	title = {Matrix Analysis and Applied Linear Algebra},
	publisher = {SIAM: Society for Industrial and Applied Mathematics; Har/Cdr edition},
	author = {Carl D. Meyer},
	year = {2001},
},

@book{Beardon_2005,
	title = {Algebra and Geometry},
	publisher = {Cambridge University Press},
	author = {Alan F. Beardon},
	year = {2005},
},

@book{Bernstein_2009,
	title = {Matrix Mathematics},
	publisher = {Princeton University Press},
	author = {Dennis S. Bernstein},
	year = {2009},
},

@book{Bapat_2012,
	title = {Linear Algebra and Linear Models},
	publisher = {Springer},
	author = {R.B., Bapat},
	year = {2012},
},

%%%%%%%% Analysis %%%%%%%%%%

@book{Bellman_1961,
	title = {A Brief Introduction to Theta Functions},
	publisher = {Holt, Rinehart and Winston, New York},
	author = {Richard Bellman},
	year = {1961},
},

@book{Whittaker_Watson_1963,
	title = {A Course of Modern Analysis, 4th ed.},
	publisher = {Cambridge Press},
	author = {E. T. Whittaker and G. N. Watson},
	year = {1963},
},


@book{Abramowitz_1972,
	title = {Handbook of Mathematical Functions with Formulas, Graphs, and Mathematical Tables},
	lccn = {0440},
	publisher = {New York: Dover},
	author = {Milton Abramowitz and Irene A. Stegun},
	year = {1972},
},

@book{Conway_1978_a,
	title = {Functions of One Complex Variables I, 2nd},
	publisher = {Springer},
	author = {John B. Conway},
	year = {1978},
},

@book{Conway_1978_b,
	title = {Functions of One Complex Variables II, 2nd},
	publisher = {Springer},
	author = {John B. Conway},
	year = {1978},
},

@book{Yoshida_1980,
	title = {Functional Analysis},
	publisher = {Springer-Verlag},
	author = {Kosaku Yoshida},
	year = {1980},
},

@book{Mathews_Howell_1997,
	title = {Complex Analysis for Mathematics and Engineering},
	publisher = {Jones and Bartlett Publishers},
	author = {John H. Mathews and Russell W. Howell},
	year = {1997},
},



@book{Tao_2006_1,
	title = {Analysis I},
	publisher = {Hindustan Book Agency},
	author = {Terence Tao},
	year = {2006},
},

@book{Tao_2006_2,
	title = {Analysis II},
	publisher = {Hindustan Book Agency},
	author = {Terence Tao},
	year = {2006},
},


%%%%%%%% Geometry %%%%%%%%%%%

@book{Klein_1897,
	title = {Famous Problems of Elementary Geometry},
	publisher = {Ginn and Company},
	author = {Felix Klein},
	year = {1897},
},


@book{Bold_1969,
	title = {FFamous Problems of Mathematics},
	publisher = {Van Nostrand Reinhold Company},
	author = {Benjamin Bold},
	year = {1969},
},


%%%%%%%% Functional Analysis %%%%%%%%%%%

@book{Rolewicz_1987,
	title = {Functional Analysis and Control Theory: Linear Systems},
	publisher = {Springer},
	author = {S. Rolewicz},
	year = {1987},
},


%%%%%%%% Measure %%%%%%%%%%%

@book{Klenke_2008,
	title = {Probability Theory: A Comprehensive Course, 1st Edition},
	publisher = {Springer},
	author = {Achim Klenke},
	year = {2008},
},

@book{Wheeden_Zygmund_2015,
	title = {Meaure and Integral, An Introduction to Real Analysis, 2nd Edition},
	publisher = {CRC Press},
	author = {Richard L. Wheeden and Antoni Zygmund},
	year = {2015},
},


%%%%%%%%%% Dynamics %%%%%%%%

@book{Arfken_Weber_Harris_2013,
	title = {Mathematical methods for physicists: A comprehensive guide, 7th Edition},
	publisher = {Elsevier},
	author = {George B. Arfken and Hans J. Weber and Frank E. Harris},
	year = {2013},
},


%%%%%%%% Probability %%%%%%%

@book{Pearson_1934,
	title = {Tables of the incomplete B-function},
	publisher = {Cambridge University Press, England},
	author = {K. Pearson},
	year = {1934},
},

 
@article{Levy_1939,
	title = {Sur certains processus stochastiques homog\`enes},
	volume = {7},
	journal = {Compositio Mathematica},
	author = {Paul \levy},
	year = {1939},
	pages = {283{\textendash}339},
},

%ISSN 0010-437X, MR 0000919.

@article{Feller_1948,
	title = {On the Kolmogorov-Smirnov Limit Theorems for Empirical Distributions},
	volume = {19,2},
	journal = {Ann. Math. Statist.},
	author = {William Feller},
	year = {1948},
	pages = {151{\textendash}291},
},

@book{Levy_1948,
	title = {Processus stochastiques et mouvement Brownien},
	publisher = {Suivi d'une note de M. Lo\`eve. Gauthier-Villars, Paris},
	author = {Paul \levy},
	year = {1948},
},


@article{Feller_1951,
	title = {The Asymptotic Distribution of the Range of Sums of Independent Random Variables},
	volume = {22,3},
	journal = {Ann. Math. Statist.},
	author = {William Feller},
	year = {1951},
	pages = {427{\textendash}432},
},



@article{Ciesielski_1961,
	title = {H\"older conditions for realizations of Gaussian processes},
	volume = {99},
	journal = {Transactions of the American Mathematical Society},
	author = {Z. Ciesielski},
	year = {1961},
	pages = {403{\textendash}413}
},

@article{Aitkin_1964,
	title = {Correlation in a singly truncated bivariate normal distribution},
	volume = {29,3},
	journal = {Psychometrika},
	author = {M.A. Aitkin},
	year = {1964},
	pages = {263{\textendash}270}
},

@book{Feller_1968_v2,
	title = {An Introduction to Probability Theory and Its Applications, Vol. 1, 3rd Edition},
	publisher = {Wiley},
	author = {William Feller},
	year = {1968},
},

@book{Feller_1970,
	title = {An Introduction to Probability Theory and Its Applications, Vol. 2},
	publisher = {John Wiley \& Son INC., Mei Ya Publications, INC.},
	author = {William Feller},
	year = {1970},
},


@book{Meyer_1972,
	title = {Martingales and Stochastic Integrals I, Lecture Notes in Mathematics},
	publisher = {Springer-Verlag},
	author = {Paul-Andr\'e Meyer},
	year = {1972},
},

@book{Ito_McKean_1974,
	title = {Diffusion Processes and Their Sample Paths},
	publisher = {Springer},
	author = {Kiyosi It\^o and Henry P. McKean},
	year = {1974},
},

@book{Karlin_Taylor_1975,
	title = {A First Course in Stochastic Processes, 2nd},
	publisher = {Academic Press},
	author = {Samuel Karlin and Howard M. Taylor},
	year = {1975},
},

@book{Karlin_Taylor_1981,
	title = {A Second Course in Stochastic Processes},
	publisher = {Academic Press},
	author = {Samuel Karlin and Howard M. Taylor},
	year = {1981},
},


@article{Vasicek_1977,
	title = {An equilibrium characterization of the term structure},
	volume = {5},
	journal = {Journal of Financial Economics},
	author = {O.A. Vasicek},
	year = {1977},
	pages = {177{\textendash}188},
},


@article{Parkinson_1980,
	title = {The Extreme Value Method for Estimating the Variance of the Rate of Return},
	volume = {53,1},
	journal = {The Journal of Business},
	author = {Michael Parkinson},
	year = {1980},
	pages = {61{\textendash}65},
    publisher = {The University of Chicago Press},
},

@book{Karatzas_Shreve_1991,
	title = {Brownian Motion and Stochastic Calculus, 2nd edition},
	publisher = {Springer-Verlag, NewYork},
	author = {Ioannis Karatzas and Steven E. Shreve},
	year = {1991},
},
  

@book{Williams_1991,
	title = {Probability with Martingales},
	publisher = {Cambridge University Press},
	author = {David Williams},
	year = {1991},
},


@book{Rogers_1994,
	title = {Diffusions, Markov Processes, and Martingales, 2nd Edition},
	publisher = {Cambridge University Press},
	author = {L.C.G. Rogers and David Williams},
	year = {1994},
},


@book{Billingsley_1995,
	title = {Probability and Measure, 3rd Edition},
	publisher = {Wiley-Blackwell},
	author = {Patrick Billingsley},
	year = {1995},
},

@book{Grinstead_1997,
	title = {Introduction to Probability},
	publisher = {American Mathematical Society},
	author = {Charles M. Grinstead and J. Laurie Snell},
	year = {1997},
},

@book{Revuz_Yor_1999,
	title = {Continuous Martingales and Brownian Motion, 3rd Edition},
	publisher = {Springer-Verlag,},
	author = {Daniel Revuz and Marc Yor},
	year = {1999},
},



@book{Zauderer_2006,
	title = {Partial Differential Equations of Applied Mathematics, 3rd Edition},
	publisher = {Wiley},
	author = {Erich Zauderer},
	year = {2006},
},


@book{Chung_2000,
	title = {A Course in Probability Theory, 3rd Edition},
	publisher = {Academic Press},
	author = {Kai Lai Chung},
	year = {2000},
},

@article{Graversen_Shiryaev_2000,
	title = {An extension of \paul\ \levy's distributional properties to the case of a Brownian motion with drift},
	volume = {6,4},
	journal = {Bernoulli},
	author = {Svend Erik Graversen and Albert N. Shiryaev},
	year = {2000},
	pages = {615-620},
},


@book{Borodin_2002,
	title = {Handbook of Brownian Motion - Facts and Formulae, 2nd Edition},
	publisher = {Birkh\"auser},
	author = {Andrei N. Borodin and Paavo Salminen},
	year = {2002},
},

@book{Durrett_2004,
	title = {Probability: Theory and Examples, 3rd},
	publisher = {Brooks/Cole},
	author = {Richard Durrett},
	year = {2004},
},

@book{Morters_Peres_2010,
	title = {Brownian Motion},
	publisher = {Cambridge Press},
	author = {Peter M\"orters and Yuval Peres},
	year = {2010},
},

@book{Bass_2011,
	title = {Stochastic Processes (Cambridge Series in Statistical and Probabilistic Mathematics)},
	publisher = {Cambridge Press},
	author = {Richard F. Bass},
	year = {2011},
},

%%%%%%%% Combinatorics %%%%%%%%%%%


@article{Young_1901,
	title = {On quantitative substitutional analysis I},
	volume = {1,32},
	journal = {Proceedings of the London Mathematical Society},
	author = {Alfred Young},
	year = {1901},
	pages = {384{\textendash}404},
},

@article{Young_1902,
	title = {On quantitative substitutional analysis II},
	volume = {1,34},
	journal = {Proceedings of the London Mathematical Society},
	author = {Alfred Young},
	year = {1902},
	pages = {202{\textendash}208},
},

@article{Frame_Robinson_Thrall_1954,
	title = {The hook graphs of the symmetric groups},
	volume = {6},
	journal = {Canadian J. Math.},
	author = {J. S. Frame and G de Robinson and R. M. Thrall},
	year = {1954},
	pages = {316{\textendash}324},
},

@article{Greene_Nijenhuis_Wilf_1979,
	title = {A probabilistic proof of a formula for the number of Young tableaux of a given shape},
	volume = {31,1},
	journal = {Adv. in Math.},
	author = {Curtis Greene and Albert Nijenhuis and Herbert S. Wilf},
	year = {1979},
	pages = {104{\textendash}109},
},

@article{Krattenthaler_1995,
	title = {Bijective proofs of the hook formulas for the number of standard Young tableaux, ordinary and shifted},
	volume = {2, research paper 13},
	journal = {Electron. J. Combin.},
	author = {C. Krattenthaler},
	year = {1995},
	pages = {approx 9 pp},
},

@article{Novelli_Pak_Stoyanovskii_1997,
	title = {A direcct bijective proof of the hook-length formula},
	volume = {1,1},
	journal = {Discrete Math. Theor. Comput. Sci.},
	author = {Jean-Christophe Novelli and Igor Pak and Alexander V. Stoyanovskii},
	year = {1997},
	pages = {53{\textendash}67},
},

@article{Bandlow_2008,
	title = {An elementary proof of the hook formula},
	volume = {15, \#R45},
	journal = {The electronic journal of combinatorics},
	author = {Jason Bandlow},
	year = {2008},
},

%%%%%%%%%%%%%%%%%% Statistics %%%%%%%%%%%%%%%%%%%%%%%



@article{Fisher_Tippett_1928,
  title   = "Limiting forms of the frequency distribution of largest or smallest member of a sample",
  journal = "Proceedings of the Cambridge philosophical society",
  volume  = "24",
  pages   = "180--190",
  year    = "1928",
  author  = "R. Fisher and L. H. C. Tippett"
}

@article{Sukhatme_1937,
  title   = "Tests of significance for samples of the $\chi^2$ population with two degrees of freedom",
  journal = "Ann. Eugen",
  volume  = "8",
  pages   = "52--56",
  year    = "1937",
  author  = "P. V. Sukhatme"
}

@article{Wald_Wolfowitz_1940,
	title = {On a test whether two samples are from the same population},
	volume = {11},
	journal = {Ann. Math Statist.},
	author = {A. Wald and J. Wolfowitz},
	year = {1940},
	pages = {147-162}
},


@article{Gnedenko_1943,
  title   = "Sur la distribution limite du terme d'une s\'erie al\'eatoire",
  journal = "Annals of Mathematics",
  volume  = "44",
  pages   = "423--453",
  year    = "1943",
  author  = "B. V. Gnedenko"
}

@article{Balkema_De_Haan_1974,
  title   = "Residual lift time at great age",
  journal = "The Annals of Probability",
  volume  = "2,5",
  pages   = "792--804",
  year    = "1974",
  author  = "A. A. Balkema and L. de Haan"
}

@article{Pickands_1975,
  title   = "Statistical inference using extreme value order statistics",
  journal = "The Annals of Statistics",
  volume  = "3",
  pages   = "119--131",
  year    = "1975",
  author  = "J. I. Pickands"
}


@book{Mendenhall_Reinmuth_1982,
	title = {Statistics for Management and Ecomonics, Fourth Edition},
	publisher = {Duxbury Press},
	author = {William Mendenhall and James Reinmuth},
	year = {1982},
},


@article{Hansen_1994,
	title = {Autoregressive Conditional Density Estimation},
	volume = {35,3},
	journal = {International Economic Review},
	author = {Bruce E. Hansen},
	year = {1994},
	pages = {705-730}
},


@article{Fernandez_Steel_1998,
	title = {On Bayesian Modeling of Fat Tails and Skewness},
	volume = {93,441},
	journal = {Journal of the American Statistical Association},
	author = {Carmen Fernandez and Mark F. J. Steel},
	year = {1998},
	pages = {359-371}
},

@book{Uchaikin_Zolotarev_1999,
	title = {Chance and Stability: Stable Distributions and their Applications},
	publisher = {VSP International Science Publishers},
	author = {Vladimir V. Uchaikin and V. M. Zolotarev},
	year = {1999},
},

@article{Danielsson_Vries_2000,
  title   = "Value-at-Risk and Extreme Returns",
  journal = "Annales d'Economie et de Statistique",
  volume  = "60",
  pages   = "239--270",
  year    = "2000",
  author  = "J\'{o}n Dan\'ielsson and Casper G. de Vries"
}

@article{Danielsson_Vries_2001,
  title   = "Using a Bootstrap Method to Choose the Sample Fraction in Tail Index Estimation",
  journal = "Journal of Multivariate Analysis",
  volume  = "76,2",
  pages   = "226--248",
  year    = "2001",
  author  = "J\'{o}n Dan\'ielsson and Casper G. de Vries and L. de Haan and L. Peng"
}


@article{Branco_Day_2001,
	title = {A General Class of Multivariate Skew-Elliptical Distributions},
	volume = {79},
	journal = {Journal of the American Statistical Association},
	author = {Marcia D. Branco and Dipak K. Dey},
	year = {2001},
	pages = {99-113}
},


@article{Azzalini_Capitanio_2003,
	title = {Distributions Generated by Perturbation of Symmetry with Emphasis on a Multivariate Skew $t$-Distribution},
	volume = {65,2},
	journal = {Journal of the Royal Statistical Society. Series B (Statistical Methodology)},
	author = {Adelchi Azzalini and Antonella Capitanio},
	year = {2003},
	pages = {367-389}
},


@article{Jones_Faddy_2003,
	title = {A Skew Extension of the t-Distribution, with Applications},
	volume = {65,1},
	journal = {Journal of the Royal Statistical Society. Series B (Statistical Methodology)},
	author = {M. C. Jones and M. J. Faddy},
	year = {2003},
	pages = {159-174}
},


@article{Aas_Haff_2006,
	title = {The Generalized Hyperbolic Skew Student's $t$-Distribution},
	volume = {4,2},
	journal = {Journal of Financial Econometrics},
	author = {Kjersti Aas and Ingrid Hob$\ae$k Haff},
	year = {2006},
	pages = {275-309}
},


@article{Gilli_Kellezi_2006,
  title   = "An Application of Extreme Value Theory for Measuring Financial Risk",
  journal = "Computational Economics",
  volume  = "27,1",
  pages   = "1--223",
  year    = "2006",
  author  = "Manfred Gilli and Evis K{\"e}llezi"
}

@book{Arnold_Balakrishnan_Nagaraja_2008,
  title   = "A First Course in Order Statistics",
  publisher = "SIAM",
  year    = "2008",
  author  = "Barry C. Arnold and N. Balakrishnan and H. N. Nagaraja"
}

%%%%%%%%%%%%%%%%%% Financial Maths %%%%%%%%%%%%%%%%

@article{Black_Scholes_1973,
	title = {The pricing of options and corporate liabilities},
	journal = {The Journal of Political Economy},
	author = {Fischer Black and Myron Scholes},
	year = {1973},
    volume = {81,3},
    pages = {637-654},
},

@article{Goldman_Sosin_Gatto_1979_1,
	title = {On Contingent Claims that Insure Ex-post Optimal Stock Market Timing},
	journal = {The Journal of Finance},
	author = {M. Barry Goldman and Howard B. Sosin and Lawrence A. Shepp},
	year = {1979},
    volume = {24,2},
    pages = {401-413},
},

@article{Goldman_Sosin_Gatto_1979_2,
	title = {Path Dependent Option: "Buy at the Low, Sell at the High"},
	journal = {The Journal of Finance},
	author = {M. Barry Goldman and Howard B. Sosin and Mary Ann Gatto},
	year = {1979},
    volume = {24,5},
    pages = {1111-1127},
},

@article{Boyle_Emanuel_1980,
	title = {Discretely Adjusted Option Hedges},
	journal = {Journal of Financial Economics},
	author = {Phelim P. Boyle and David Emanuel},
	year = {1980},
    volume = {8},
    pages = {259-282},
},

@article{Leland_1985,
	title = {Option Pricing and Replication with Transactions Costs},
	journal = {The Journal of Finance},
	author = {Hayne E. Leland},
	year = {1985},
    volume = {XL,5},
    pages = {1283-1301},
},

@article{Cox_Ingersoll_Ross_1985,
	title = {A Theory of the Term Structure of Interest Rates},
	journal = {Econometrica},
	author = {John C. Cox and Jonathan E. Ingersoll and Stephen A. Ross},
	year = {1985},
    volume = {53,2},
    pages = {385-408},
},

@article{Heston_1993,
	title = {A Closed-form Solution for Options with Stochastic Volatility with Applications to Bond and Currency Options},
	journal = {The Review of Financial Studies},
	author = {Steven L. Heston},
	year = {1993},
    volume = {6,2},
    pages = {327-343},
},

@article{Carr_Bowie_1994,
	title = {Static Simplicity},
	journal = {Risk},
	author = {Peter Carr and Jonathan Bowie},
	year = {1994},
    volume = {7,8},
    pages = {45-50},
},

@article{Carr_Madan_1998,
	title = {Towards a Theory of Volatility Trading},
	journal = {Volatility: New Estimation Techniques for Pricing Derivatives},
	author = {Peter Carr and Dilip Madan},
	year = {1998},
},

@article{Carr_Ellis_Gupta_1998,
	title = {Static Hedging of Exotic Options},
	journal = {The Journal of Finance},
	author = {Peter Carr and Katrina Ellis and Vishal Gupta},
	year = {1998},
},

@article{Demeterfi_1999_1,
	title = {A Guide to Volatility and Variance Swaps},
	journal = {The Journal of Derivatives},
    author = {Kresimir Demeterfi and Emanuel Derman and Michael Kamal and Joseph. Zou},
	year = {1999},
},

@article{Demeterfi_1999_2,
	title = {More Than You Ever Wanted to Know about Volatiltiy Swaps},
	journal = {Quantitative Strategies Research Notes, Goldman Sachs},
	author = {Kresimir Demeterfi and Emanuel Derman and Michael Kamal and Joseph. Zou},
	year = {1999},
},

@article{Douady_1999,
	title = {Closed Form Formulas for Exotic Options and their Lifetime Distribution},
	journal = {Quantitative Analysis in Financial Markets: Collected Papers of the New York University Mathematical Finance Seminar},
	author = {R. Douady},
	year = {1999},
	pages = {177-202},
},

@book{Karatzas_Shreve_1998,
	title = {Methods of mathematical finance},
	publisher = {Springer},
	author = {I. Karatzas and S.E. Shreve},
	year = {1998},
},


@book{Steele_2001,
	title = {Stochastic Calculus and Financial Applications},
	publisher = {Springer},
	author = {J.Michael Steele},
	year = {2001},
},


@book{Zhou_2008,
	title = {A Practical Guide To Quantitative Finance Interviews, 1st Edition},
	publisher = {Lulu.com},
	author = {Xinfeng Zhou},
	year = {2008},
},

@book{Jeanblanc_Yor_Chesney_2009,
	title = {Mathematical Methods for Financial Markets, 1st Edition},
	publisher = {Springer Finance},
	author = {Monique Jeanblanc and Marc Yor and Marc Chesney},
	year = {2009},
},

@book{Sinclair_2013,
	title = {Volatility Trading, 2nd Edition},
	publisher = {Wiley},
	author = {Euan Sinclair},
	year = {2013},
},


@book{Aldridge_2013,
	title = {High-Frequency Trading A Practical Guide to Algorithmic Strategies and Trading Systems, 2nd Edition},
	publisher = {Wiley},
	author = {Irene Aldridge},
	year = {2013},
},



%%%%%%%%%%%%%%%%%%% Topology %%%%%%%%%%%%%%%%%




@book{Mansfield_1963,
	title = {Introduction to Topology},
	publisher = {Princeton~N.~J, Van Nostrand},
	author = {M.J. Mansfield},
	year = {1963},
},

@book{Mendeleson_1990,
	title = {Introduction to Topology},
	publisher = {Dover reprint, New York, Dover},
	author = {B. Mendeleson},
	year = {1990},
},

@book{Sutherland_1975,
	title = {Introduction to Metric and Topological Spaces},
	publisher = {Oxford, OUP},
	author = {W.A. Sutherland},
	year = {1975},
},

%%%%%%%%%%%%%%%%%%% Others %%%%%%%%%%%%%%%%%


@article{Curtin_2006,
	title = {The locker puzzle},
	volume = {28},
	number = {1},
	journal = {The Mathematical Intelligencer},
	author = {Eugene Curtin and Max Warshauer},
	year = {2006},
	pages = {28{\textendash}31}
},
